<record><leader>00000cas a2200000 a 4500</leader><controlfield tag="001">38411345</controlfield><controlfield tag="008">980211d19751975wauuu n       0    0eng c</controlfield><datafield ind1=" " ind2=" " tag="010"><subfield code="a">sn 98068049 </subfield></datafield><datafield ind1=" " ind2=" " tag="040"><subfield code="a">NVK</subfield><subfield code="b">eng</subfield><subfield code="c">NVK</subfield><subfield code="d">OCLCQ</subfield><subfield code="d">WAU</subfield><subfield code="d">OCLCF</subfield></datafield><datafield ind1="1" ind2=" " tag="029"><subfield code="a">AU@</subfield><subfield code="b">000013766527</subfield></datafield><datafield ind1=" " ind2=" " tag="042"><subfield code="a">pcc</subfield></datafield><datafield ind1=" " ind2=" " tag="043"><subfield code="a">n-us-wa</subfield></datafield><datafield ind1=" " ind2="4" tag="050"><subfield code="a">PN6728</subfield><subfield code="b">.S43</subfield></datafield><datafield ind1="0" ind2="4" tag="245"><subfield code="a">The Seattle simpleton.</subfield></datafield><datafield ind1="3" ind2="0" tag="246"><subfield code="a">Simpleton</subfield></datafield><datafield ind1=" " ind2=" " tag="260"><subfield code="a">Seattle, Wa. :</subfield><subfield code="b">Homestead Press</subfield></datafield><datafield ind1=" " ind2=" " tag="300"><subfield code="a">v. :</subfield><subfield code="b">ill. ;</subfield><subfield code="c">45 cm.</subfield></datafield><datafield ind1="1" ind2=" " tag="362"><subfield code="a">Began and ceased with: No. 1 (summer 1975).</subfield></datafield><datafield ind1=" " ind2=" " tag="500"><subfield code="a">Editor and publisher: David Tatelman.</subfield></datafield><datafield ind1=" " ind2=" " tag="588"><subfield code="a">Description based on: No. 1 (summer 1975); title from cover.</subfield></datafield><datafield ind1=" " ind2=" " tag="588"><subfield code="a">Latest issue consulted: No. 1 (summer 1975).</subfield></datafield><datafield ind1=" " ind2="0" tag="650"><subfield code="a">Underground comic books, strips, etc.</subfield></datafield><datafield ind1=" " ind2="0" tag="650"><subfield code="a">Popular culture</subfield><subfield code="v">Newspapers.</subfield></datafield><datafield ind1=" " ind2="0" tag="651"><subfield code="a">Seattle (Wash.)</subfield><subfield code="v">Newspapers.</subfield></datafield><datafield ind1=" " ind2="7" tag="655"><subfield code="a">Newspapers.</subfield><subfield code="2">fast</subfield><subfield code="0">(OCoLC)fst01423814</subfield></datafield><datafield ind1=" " ind2="7" tag="650"><subfield code="a">Popular culture.</subfield><subfield code="2">fast</subfield><subfield code="0">(OCoLC)fst01071344</subfield></datafield><datafield ind1=" " ind2="7" tag="650"><subfield code="a">Underground comic books, strips, etc.</subfield><subfield code="2">fast</subfield><subfield code="0">(OCoLC)fst01160907</subfield></datafield><datafield ind1=" " ind2="7" tag="651"><subfield code="a">Washington (State)</subfield><subfield code="z">Seattle.</subfield><subfield code="2">fast</subfield><subfield code="0">(OCoLC)fst01204940</subfield></datafield><datafield ind1="1" ind2=" " tag="700"><subfield code="a">Tatelman, David.</subfield></datafield><datafield ind1=" " ind2=" " tag="752"><subfield code="a">United States</subfield><subfield code="b">Washington</subfield><subfield code="c">King</subfield><subfield code="d">Seattle.</subfield></datafield><datafield ind1="0" ind2="0" tag="785"><subfield code="t">Simpleton</subfield><subfield code="w">(DLC)  2012252569</subfield><subfield code="w">(OCoLC)50814286</subfield></datafield></record>